<?xml version="1.0" encoding="UTF-8"?><collection xmlns="http://www.loc.gov/MARC21/slim"><record><leader>00461nam--2200133-i-4500</leader><controlfield tag="001">000013012</controlfield><controlfield tag="002">20161230</controlfield><controlfield tag="005">20161230201030</controlfield><controlfield tag="008">060222s1000------------r-----000-0-eng-d</controlfield><datafield ind1=" " ind2=" " tag="080"><subfield code="a">614.876:621.039(061.3)</subfield></datafield><datafield ind1=" " ind2=" " tag="245"><subfield code="a">Decommissioning of nuclear facilites. proceedi ngs of a symposium vienna 13-17 november 1978 jointly organized by the iaea and nea (oecd)</subfield></datafield><datafield ind1=" " ind2=" " tag="260"><subfield code="a">Vienna, Int.Atomic Energy Agency, 1979. 694 P</subfield></datafield><datafield ind1=" " ind2=" " tag="490"><subfield code="a">Proceedings Series</subfield></datafield><datafield ind1=" " ind2=" " tag="852"><subfield code="a">46984</subfield></datafield></record></collection>